<record><leader>00000cas a22000007a 4500</leader><controlfield tag="001">11569898</controlfield><controlfield tag="008">850111d187u187unjudn ne      0    0eng d</controlfield><datafield ind1=" " ind2=" " tag="010"><subfield code="a">sn 85025074 </subfield></datafield><datafield ind1=" " ind2=" " tag="040"><subfield code="a">NPX</subfield><subfield code="b">eng</subfield><subfield code="c">NPX</subfield><subfield code="d">OCLCQ</subfield></datafield><datafield ind1=" " ind2=" " tag="042"><subfield code="a">msc</subfield></datafield><datafield ind1="0" ind2=" " tag="130"><subfield code="a">Daily press (Jersey City, N.J.)</subfield></datafield><datafield ind1="1" ind2="4" tag="245"><subfield code="a">The daily press.</subfield></datafield><datafield ind1="1" ind2="3" tag="246"><subfield code="a">Jersey City press</subfield></datafield><datafield ind1=" " ind2=" " tag="260"><subfield code="a">Jersey City [N.J.] :</subfield><subfield code="b">Seth Wilbur Payne</subfield></datafield><datafield ind1=" " ind2=" " tag="300"><subfield code="a">v.</subfield></datafield><datafield ind1=" " ind2=" " tag="310"><subfield code="a">Daily (except Sun.)</subfield></datafield><datafield ind1=" " ind2=" " tag="500"><subfield code="a">Recorded in reference sources as: Jersey City press. Cf. Direct. of N.J. newspapers, 1765-1970; Rowell, 1875.</subfield></datafield><datafield ind1=" " ind2=" " tag="500"><subfield code="a">Editor: Seth Wilbur Payne, &lt;1876&gt;.</subfield></datafield><datafield ind1=" " ind2=" " tag="580"><subfield code="a">Continued by: Payne's Sunday press (non-extant?). Cf. Direct. of N.J. newspapers, 1765-1970.</subfield></datafield><datafield ind1=" " ind2=" " tag="588"><subfield code="a">Description based on: Vol. 2, no. 221 (June 2, 1876).</subfield></datafield><datafield ind1=" " ind2=" " tag="752"><subfield code="a">United States</subfield><subfield code="b">New Jersey</subfield><subfield code="c">Hudson</subfield><subfield code="d">Jersey City.</subfield></datafield><datafield ind1="1" ind2="0" tag="785"><subfield code="t">Payne's Sunday press</subfield></datafield><datafield ind1="1" ind2=" " tag="029"><subfield code="a">AU@</subfield><subfield code="b">000025817420</subfield></datafield></record>